% Encoding: UTF-8

@Misc{web_RpiMaxRatings,
  author = {Embedded Linux Wiki},
  title  = {RPi Low-Level Peripherals},
  date   = {2017-01-19},
  note   = {[Online: Accessed 04-02-2018]},
  url    = {https://elinux.org/RPi_Low-level_peripherals},
}

@Misc{web_RPiSpecsSE,
  author = {Raspberry Pi Stack Exchange},
  title  = {What are the Electrical Specifications of GPIO pins?},
  date   = {2017-01-11},
  note   = {[Online: Accessed 09-11-2017]},
  url    = {https://raspberrypi.stackexchange.com/questions/60218/what-are-the-electrical-specifications-of-gpio-pins/60219#60219},
}

@Misc{web_SetupRaspbian,
  author = {Mackenzie, James},
  title  = {Headless Raspberry Pi Setup},
  date   = {2017-01-02},
  note   = {[Online: Accessed 09-10-2017]},
  url    = {https://hackernoon.com/raspberry-pi-headless-install-462ccabd75d0},
}

@Misc{web_MosaicSpecs,
  author = {Mosaic Industries},
  title  = {GPIO Electrical Specifications},
  note   = {[Online: Accessed 04-04-2018]},
  url    = {http://www.mosaic-industries.com/embedded-systems/microcontroller-projects/raspberry-pi/gpio-pin-electrical-specifications},
}

@Misc{web_GPIOPadsErrata,
  author   = {Gert Van Loo},
  title    = {GPIO Pads Control},
  date     = {2012-08-02},
  subtitle = {Errata},
  note     = {[Online: Accessed 27-11-2017]},
  url      = {https://www.scribd.com/doc/101830961/GPIO-Pads-Control2},
}

@Misc{lib_VPNC,
  author   = {Eduard Bloch and Christian Lackas},
  title    = {System Administration Utilities},
  date     = {2016-11-23},
  subtitle = {VPNC},
  note     = {[Online: Accessed 30-10-2017]},
  url      = {https://manpages.debian.org/testing/vpnc/vpnc.8.en.html},
}

@Misc{lib_Paramiko,
  author = {Jeff Forcier},
  title  = {Welcome to Paramiko!},
  year   = {2017},
  note   = {[Online: Accessed 16-10-2017]},
  url    = {http://www.paramiko.org/},
}

@Misc{lib_NumPy,
  author = {NumPy Developers},
  title  = {NumPy},
  year   = {2017},
  note   = {[Online: Accessed 27-01-2018]},
  url    = {http://www.numpy.org/},
}

@Misc{lib_imageio,
  author   = {Almar Klein},
  title    = {imageio},
  year     = {2014},
  subtitle = {Python library for reading and writing image data},
  note     = {[Online: Accessed 24-03-2018]},
  url      = {https://imageio.github.io/},
}

@Misc{lib_pigpio,
  author = {joan2937},
  title  = {The pigpio library},
  date   = {2018-04-05},
  note   = {[Online: Accessed 04-12-2017]},
  url    = {http://abyz.me.uk/rpi/pigpio/index.html},
}

@Misc{lib_Git,
  author = {Scott Chacon},
  title  = {Git},
  note   = {[Online: Accessed 04-02-2018]},
  url    = {https://git-scm.com/},
}

@Misc{lib_Raspbian,
  author = {Raspberry Pi Foundation},
  title  = {Raspbian},
  year   = {2018},
  note   = {[Online: Accessed 04-09-2017]},
  url    = {https://www.raspberrypi.org/downloads/raspbian/},
}

@Misc{lib_RealVNCViewer,
  author = {RealVNC},
  title  = {Download VNC Viewer},
  year   = {2018},
  note   = {[Online: Accessed 16-09-2017]},
  url    = {https://www.realvnc.com/en/connect/download/viewer/},
}

@Misc{lib_PuTTY,
  author = {Simon Tatham},
  title  = {PuTTY: a free SSH and Telnet client},
  date   = {2017-06-08},
  note   = {[Online: Accessed 11-09-2017]},
  url    = {https://www.chiark.greenend.org.uk/~sgtatham/putty/},
}

@Misc{lib_RPi.GPIO,
  author = {Python Software Foundation},
  title  = {RPi.GPIO 0.6.3},
  date   = {2016-10-30},
  note   = {[Online: Accessed 05-09-2017]},
  url    = {https://pypi.org/project/RPi.GPIO/},
}

@Misc{lib_pigpioHWClock,
  author   = {joan2937},
  title    = {pigpio C Interface},
  date     = {2018-03-20},
  subtitle = {gpioHardwareClock},
  note     = {[Online: Accessed 03-24-2018]},
  url      = {http://abyz.me.uk/rpi/pigpio/cif.html#gpioHardwareClock},
}

@Misc{web_ParamikoSSH,
  author = {Sebastian Dahlgren},
  title  = {Using paramiko to send SSH commands},
  date   = {2012-10-22},
  note   = {[Online: Accessed 02-10-2017]},
  url    = {http://sebastiandahlgren.se/2012/10/11/using-paramiko-to-send-ssh-commands/},
}

@Misc{web_AboutPi,
  author = {Mihir Patkar},
  title  = {9 Things You Wanted to Know About Raspberry Pi},
  date   = {2016-08-12},
  note   = {[Online: Accessed 20-04-2018]},
  url    = {https://www.makeuseof.com/tag/9-things-wanted-know-raspberry-pi/},
}

@TechReport{pap_DIWINEpaper4,
  author      = {Justin P. Coon et al.},
  title       = {A wireless cloud network for the Internet of Things},
  institution = {DIWINE},
  date        = {2016-03-23},
  url         = {http://diwine-project.eu/public/content/files/public/DIWINE_WhitePaper_4.pdf},
}

@TechReport{pap_MilitaryRadioTB,
  author      = {JFW Engineering Dept.},
  title       = {Understanding The Limitations Of Modern Military Radio Testbeds},
  institution = {JFW Industries, Inc.},
  url         = {https://www.jfwindustries.com/pdf/Understanding%20The%20Limitations%20of%20Modern%20Military%20Radio%20Testbeds.pdf},
}

@TechReport{pap_DIWINEpaper2,
  author      = {The DIWINE consortium},
  title       = {Dense cooperative wireless cloud networks (DIWINE) â€“ 5G experimental facilities: Smart meter network demonstrator testbed},
  institution = {DIWINE},
  date        = {2015-01-19},
  url         = {http://diwine-project.eu/public/content/files/public/DIWINE_WhitePaper_2.pdf},
}

@Misc{web_Interrupts,
  author = {petzval},
  title  = {Accurate timing for real time control},
  date   = {2013-08-10},
  note   = {[Online: Accessed 18-09-2017]},
  url    = {https://www.raspberrypi.org/forums/viewtopic.php?t=52393},
}

@Misc{web_PiOscilloscope,
  author = {digibird1},
  title  = {Raspberry Pi as an Oscilloscope @ 10 MSPS},
  year   = {2014},
  note   = {[Online: Accessed 02-10-2018]},
  url    = {https://digibird1.wordpress.com/raspberry-pi-as-an-oscilloscope-10-msps/},
}

@Misc{web_BenchmarkingPi,
  author = {Joonas Pihlajamaa},
  title  = {Benchmarking Raspberry Pi GPIO Speed},
  date   = {2015-02-15},
  note   = {[Online: Accessed 13-10-2017]},
  url    = {https://digibird1.wordpress.com/raspberry-pi-as-an-oscilloscope-10-msps/},
}

@Misc{lib_Arduino,
  author = {Arduino},
  title  = {ARDUINO UNO REV3},
  year   = {2017},
  note   = {[Online: Accessed 12-09-2017]},
  url    = {https://store.arduino.cc/arduino-uno-rev3},
}

@Conference{pap_WiPi,
  author     = {Abdelhamid Attaby and Moustafa Youssef},
  title      = {WiPi: A Low-Cost Heterogeneous Wireless Testbed for Next Generation Applications},
  year       = {2018},
  eventtitle = {IEEE-VTC Spring},
  volume     = {8. Wireless Networks: Protocols, Security, and Services Papers},
  part       = {25},
}

@InProceedings{pap_Mitola,
  author    = {J. Mitola},
  title     = {Software radios-survey, critical evaluation and future directions},
  booktitle = {{NTC}-92: National Telesystems Conference},
  year      = {1992},
  publisher = {{IEEE}},
  doi       = {10.1109/ntc.1992.267870},
}

@Misc{web_NatIn,
  author = {National Instruments},
  title  = {Software Defined Radio},
  year   = {2017},
  note   = {[Online: Accessed 27-04-2018]},
  url    = {http://www.ni.com/en-gb/innovations/wireless/software-defined-radio.html},
}

@InProceedings{pap_WARP_light,
  author    = {Qiao, Yijun and Haas, Harald and Knightly, Edward},
  title     = {A Software-defined Visible Light Communications System with WARP},
  booktitle = {1st ACM Workshop on Visible Light Communication Systems},
  year      = {2014},
}

@Misc{lib_CommPy,
  author  = {Veeresh Taranalli},
  title   = {CommPy: Digital Communication with Python},
  year    = {2015},
  version = {0.3.0.},
  note    = {[Online: Accessed 14-11-2017]},
  url     = {https://github.com/veeresht/CommPy},
}

@Article{web_PortableSR,
  author    = {M. Dickens and B. Dunn and L.J. Nicholas},
  title     = {Design and Implementation of a Portable Software Radio},
  journal   = {{IEEE} Communications Magazine},
  year      = {2008},
  volume    = {46},
  number    = {8},
  pages     = {58--66},
  doi       = {10.1109/mcom.2008.4597105},
  publisher = {Institute of Electrical and Electronics Engineers ({IEEE})},
}

@InProceedings{web_SDRTB_SubSamplingReceiver,
  author    = {Shin Guan Ku and A.W.C. Tan and Heng Siong Lim},
  title     = {A software defined radio testbed for simulation and real-world testing of {RF} subsampling receiver},
  booktitle = {International Conference on Frontiers of Communications, Networks and Applications ({ICFCNA} 2014 - Malaysia)},
  year      = {2014},
  publisher = {Institution of Engineering and Technology},
  doi       = {10.1049/cp.2014.1408},
}

@InProceedings{pap_SDRTB_Localisation,
  author    = {Johannes Schmitz and Felix Bartsch and Manuel Hernandez and Rudolf Mathar},
  title     = {Distributed software defined radio testbed for real-time emitter localization and tracking},
  booktitle = {2017 {IEEE} International Conference on Communications Workshops ({ICC} Workshops)},
  year      = {2017},
  publisher = {{IEEE}},
  doi       = {10.1109/iccw.2017.7962829},
}

@Conference{pap_PiSDRTB_Spectrum,
  author     = {El Barrak, Soumaya and Lyhyaoui, Abdelouahid and Puliafito, Antonio and Serrano, Salvatore},
  title      = {Implementation of a low cost SDR-based Spectrum Sensing prototype using USRP and Raspberry Pi Board},
  year       = {2017},
  eventtitle = {4th International Conference on Automation, Control Engineering and Computer Science (ACECS-2017)},
}

@Article{pap_PiSimulinkEducation,
  author    = {Gianni Pasolini and Alessandro Bazzi and Flavio Zabini},
  title     = {A Raspberry Pi-Based Platform for Signal Processing Education [{SP} Education]},
  journal   = {{IEEE} Signal Processing Magazine},
  year      = {2017},
  volume    = {34},
  number    = {4},
  pages     = {151--158},
  doi       = {10.1109/msp.2017.2693500},
  publisher = {Institute of Electrical and Electronics Engineers ({IEEE})},
}

@Misc{web_SimulinkDR,
  author = {MathWorks},
  title  = {Simulink defined radio},
  year   = {2015},
  note   = {[Online: Accessed 03-02-2018]},
  url    = {http://www.simulinkdefinedradio.com/},
}

@Misc{web_GNUonRPi,
  author = {Gareth Hayes},
  title  = {GNU Radio and rtl sdr on Raspberry Pi},
  date   = {2014-07-14},
  note   = {[Online: Accessed 12-01-2018]},
  url    = {http://garethhayes.net/gnu-radio-rtl_sdr-raspberry-pi/},
}

@Misc{web_GNURadio,
  author = {GNU Radio},
  title  = {GNU Radio},
  note   = {[Online: Accessed 12-01-2018]},
  url    = {https://gnuradio.org/},
}

@Misc{lib_matplotlib,
  author = {Matplotlib Development Team},
  title  = {Matplotlib},
  year   = {2018},
  note   = {[Online: Accessed 02-04-2018]},
  url    = {https://matplotlib.org/},
}

@Misc{web_GPIOPins,
  author = {Matt},
  title  = {Simple Guide to the Raspberry Pi GPIO Header and Pins},
  date   = {2012-06-09},
  note   = {[Online: Accessed 09-02-2018]},
  url    = {https://www.raspberrypi-spy.co.uk/2012/06/simple-guide-to-the-rpi-gpio-header-and-pins/},
}

@Comment{jabref-meta: databaseType:biblatex;}
